\begin{document}

@article{SWINGUP,
author="K. J. Åström and K. Furuta",
title="Swinging Up A Pendulum By Energy Control",
publisher="Paper presented at IFAC 13th World Congress, San Francisco, California",
year="1996",
doi={10.1016/S0005-1098(99)00140-5},
}



@article{DYNAMICS,
author="Benjamin Seth Cazzolato and Zebb Prime",
title="On the Dynamics of the Furuta Pendulum",
publisher="Journal of Control Science and Engineering",
year="2011",
doi={10.1155/2011/528341},
}


\end{document}
